@misc{Freeling2013,
author = {{Freeling, Christian}},
title = {{Hexdame}},
url = {http://mindsports.nl/index.php/arena/hexdame},
howpublished = {\url{http://mindsports.nl/index.php/arena/hexdame}},
month = {December},
year = {2013}
}
